

@article{SW15,
    AUTHOR = {Siedlecki, Pawe\l and Weimar, Markus},
     TITLE = {Notes on {$(s,t)$}-weak tractability: a refined classification
              of problems with (sub)exponential information complexity},
   JOURNAL = {J. Approx. Theory},
  FJOURNAL = {Journal of Approximation Theory},
    VOLUME = {200},
      YEAR = {2015},
     PAGES = {227--258},
}


@article{WW17,
    AUTHOR = {Werschulz, A. G. and Wo\'{z}niakowski, H.},
     TITLE = {A new characterization of {$(s,t)$}-weak tractability},
   JOURNAL = {J. Complexity},
  FJOURNAL = {Journal of Complexity},
    VOLUME = {38},
      YEAR = {2017},
     PAGES = {68--79},
}

@article{GW06, 
AUTHOR = {Gnewuch, M. and Wo\'{z}niakowski, H.}, 
TITLE = {Generalized tractability for multivariate problems, Part I: Linear tensor product problems and linear information}, 
JOURNAL = {J. Complexity},
FJOURNAL = {Journal of Complexity},
volume = {23},
number = {2},
pages = {262--295},
year = {2007}, }

@article{GW09, 
AUTHOR = {Gnewuch, M. and Wo\'{z}niakowski, H.}, 
TITLE = {Generalized tractability for multivariate problems, Part II: Linear tensor product problems, linear information, unrestricted tractability.}, 
JOURNAL = {Found. Comput. Math.},
FJOURNAL = {Foundations of Computational Mathematics},
volume = {9},
pages = {431--460},
year = {2009}, }


@incollection{GW08,
	author = {Gnewuch, M. and Wo\'{z}niakowski, H.},
	booktitle = {Monte Carlo and Quasi-Monte Carlo Methods},
	editor = {A. Keller, S. Heinrich and H. Niederreiter},
	publisher = {Springer},
	title = {Generalized tractability for linear functionals},
    pages={359--381},
    address={Berlin},
	year = {2008}}